@book {neron,
AUTHOR = {Bosch, Siegfried and Lütkebohmert, Werner and Raynaud, Michel},
TITLE = {Néron models},
SERIES = {Ergebnisse der Mathematik und ihrer Grenzgebiete (3) [Results in Mathematics and Related Areas (3)]},
VOLUME = {21},
PUBLISHER = {Springer-Verlag, Berlin},
YEAR = {1990},
PAGES = {x+325},
ISBN = {3-540-50587-3},
MRCLASS = {14K15 (11G10 14L15)},
MRNUMBER = {1045822},
MRREVIEWER = {James Milne},
DOI = {10.1007/978-3-642-51438-8},
URL = {http://dx.doi.org/10.1007/978-3-642-51438-8},
}

@book {silverman2,
AUTHOR = {Silverman, Joseph H.},
TITLE = {Advanced topics in the arithmetic of elliptic curves},
SERIES = {Graduate Texts in Mathematics},
VOLUME = {151},
PUBLISHER = {Springer-Verlag, New York},
YEAR = {1994},
PAGES = {xiv+525},
ISBN = {0-387-94328-5},
MRCLASS = {11G05 (11G07 11G15 11G40 14H52)},
MRNUMBER = {1312368},
MRREVIEWER = {Henri Darmon},
DOI = {10.1007/978-1-4612-0851-8},
URL = {http://dx.doi.org/10.1007/978-1-4612-0851-8},
}

@online{goodreduction,
URL={http://www.math.ru.nl/~jcommelin/files/good_reduction.pdf},
AUTHOR={Johan Commelin},
YEAR={2013},
TITLE={Good reduction},
}

@online{stacksproject,
URL={http://stacks.math.columbia.edu/},
TITLE={Stacks Project},
DATE={2016-06-30},
AUTHOR={The Stacks Project Authors},
}


@book {silverman,
AUTHOR = {Silverman, Joseph H.},
TITLE ={The arithmetic of elliptic curves},
SERIES = {Graduate Texts in Mathematics},
VOLUME = {106},
NOTE = {Corrected reprint of the 1986 original},
PUBLISHER = {Springer-Verlag, New York},
YEAR = {1992},
PAGES ={xii+400},
ISBN = {0-387-96203-4},
MRCLASS= {11G05 (14H52)},
MRNUMBER = {1329092},
}

@book {wedhorn,
AUTHOR = {Görtz, Ulrich and Wedhorn, Torsten},
TITLE = {Algebraic geometry {I}},
SERIES = {Advanced Lectures in Mathematics},
NOTE = {Schemes with examples and exercises},
PUBLISHER = {Vieweg + Teubner, Wiesbaden},
YEAR = {2010},
PAGES = {viii+615},
ISBN = {978-3-8348-0676-5},
MRCLASS = {14-01},
MRNUMBER = {2675155},
MRREVIEWER = {Cícero Carvalho},
DOI = {10.1007/978-3-8348-9722-0},
URL = {http://dx.doi.org/10.1007/978-3-8348-9722-0},
}

@book {hartshorne,
AUTHOR = {Hartshorne, Robin},
TITLE = {Algebraic geometry},
NOTE = {Graduate Texts in Mathematics, No. 52},
PUBLISHER = {Springer-Verlag, New York-Heidelberg},
YEAR = {1977},
PAGES = {xvi+496},
ISBN = {0-387-90244-9},
MRCLASS = {14-01},
MRNUMBER = {0463157},
MRREVIEWER = {Robert Speiser},
}

@book {bosch,
AUTHOR = {Bosch, Siegfried},
TITLE = {Algebraic geometry and commutative algebra},
SERIES = {Universitext},
PUBLISHER = {Springer, London},
YEAR = {2013},
PAGES = {x+504},
ISBN = {978-1-4471-4828-9},
MRCLASS = {13-01 (14-01)},
MRNUMBER = {3012586},
MRREVIEWER = {Cícero Carvalho},
DOI = {10.1007/978-1-4471-4829-6},
URL = {http://dx.doi.org/10.1007/978-1-4471-4829-6},
}

